<?xml version="1.0" encoding="UTF-8"?><collection xmlns="http://www.loc.gov/MARC21/slim"><record><leader>00517nam--2200145-i-4500</leader><controlfield tag="001">000036529</controlfield><controlfield tag="002">20161230</controlfield><controlfield tag="005">20161230201041</controlfield><controlfield tag="008">060222s1000------------r-----000-0-eng-d</controlfield><datafield ind1=" " ind2=" " tag="080"><subfield code="a">621.313.39.025.3:538.552.9</subfield></datafield><datafield ind1=" " ind2=" " tag="100"><subfield code="a">Poloujadoff,M.M., Sabonnadiere,Jean-claude</subfield></datafield><datafield ind1=" " ind2=" " tag="245"><subfield code="a">Etude du desequilibre des courants d`alimentation dans un moteur lineaire polyphase a induction</subfield></datafield><datafield ind1=" " ind2=" " tag="260"><subfield code="a">Bucuresti,Cons.Nat.Al Ing.Si Tehn.,1969.13p</subfield></datafield><datafield ind1=" " ind2=" " tag="490"><subfield code="a">A Doua Conf.A Electricienilor.I.Sectia Masini Electrice</subfield></datafield><datafield ind1=" " ind2=" " tag="852"><subfield code="a">31582</subfield></datafield></record></collection>